3782 5067
796 561 830 613 2
1563 577 1990 617 rnourrommt
2023 576 2440 615 mammam.

794 719 1032 796 tellexi‚
1063 720 1143 784 ad
1172 720 1595 807 predictorum
1642 720 2015 809 profectum,
2046 720 2213 784 exile
2257 719 2380 784 hoc
2426 741 2584 805 opus
2633 716 2886 805 collegi,
2908 714 3201 804 precipue

798 821 1195 904 Catholicon‚
1272 823 1513 912 Campo
1586 823 1833 902 florum,
1912 823 2333 901 Diccionario‚
2408 822 2670 909 aliisque
2745 820 3062 909 opusculis
3139 829 3206 883 et

798 924 1119 1006 tractibus,
1180 926 1385 1013 sepius
1444 951 1592 992 vero
1649 951 1733 992 ex
1796 927 2210 1014 inquisicione
2279 925 2658 1004 meliorum,¹
2719 924 2830 990 sed
2897 923 3205 988 rarissime

798 1027 1085 1111 quamvis
1127 1029 1501 1116 quandoque
1530 1054 1613 1095 ex
1640 1030 1901 1119 ingenio
1930 1030 2199 1108 sallibili,
2229 1043 2295 1095 et
2332 1029 2536 1116 capite
2575 1028 2830 1116 proprio
2874 1025 3201 1116 personali.

802 1129 879 1193 In
909 1154 1035 1217 quo
1064 1131 1317 1220 quidem
1336 1133 1551 1199 libello
1568 1134 1773 1221 primo
1796 1135 2158 1222 Anglicana
2177 1132 2524 1198 vocabula²
2545 1132 2886 1196 secundum
2918 1130 3203 1195 ordinem

797 1234 1136 1322 alphabeti,
1188 1250 1378 1324 prout
1433 1238 1861 1325 gramaticalia
1918 1236 2403 1326 gramaticorum
2459 1235 2529 1299 in
2583 1234 2761 1299 libris
2809 1233 3206 1320 reperiuntur

796 1359 869 1402 ac
926 1339 1304 1418 scribuntur,
1362 1340 1719 1429 conscripsi,
1779 1355 1845 1406 et
1901 1355 2115 1428 postea
2171 1338 2722 1426 correspondencia
2777 1337 2895 1402 sibi
2957 1335 3206 1412 Latina,

796 1461 942 1502 cum
996 1439 1230 1504 notulis
1278 1441 1584 1527 parcium,
1625 1464 1950 1528 generum,
1987 1465 2060 1507 ac
2119 1441 2677 1520 declinacionum3³
2737 1441 2826 1506 sic
2871 1452 3085 1504 tamen
3130 1460 3205 1512 ut

800 1541 907 1605 in⁴
934 1543 1214 1629 qualibet
1253 1543 1435 1608 litera
1473 1544 1811 1631 alphabeti,
1842 1546 2100 1609 nomina
2130 1557 2196 1609 et
2228 1557 2431 1610 cetere
2481 1558 2707 1632 partes,
2735 1543 2945 1609 verbis
2993 1556 3208 1608 tamen

801 1645 1129 1732 exceptis,⁸
1156 1647 1361 1733 primo
1389 1647 1621 1734 pariter
1650 1659 1797 1712 sunt
1835 1646 2088 1728 inserta,
2120 1661 2185 1713 et
2211 1659 2367 1713 tunc
2405 1647 2661 1712 tandem
2708 1646 2986 1733 ipsorum
3013 1645 3205 1710 verba

798 1747 1074 1813 breviter
1145 1748 1473 1827 declinata,
1548 1750 1766 1815 ordine
1839 1774 1965 1838 quo
2039 1773 2224 1837 supra
2294 1763 2442 1815 sunt
2512 1751 2770 1814 secuta.⁶
2854 1746 3206 1813 Comitatus

797 1865 1008 1917 tamen
1067 1851 1131 1917 N
1133 1852 1505 1919 orthsolchie
1522 1858 1550 1901 ⁷
1610 1854 1867 1919 modum
1914 1853 2212 1942 loquendi
2269 1853 2471 1918 solum
2529 1876 2666 1917 sum
2725 1864 2991 1929 secutus,
3022 1873 3212 1937 quem

799 1955 999 2021 solum
1048 1957 1128 2023 ab
1177 1958 1451 2022 infancia
1501 1958 1717 2039 didici,
1764 1975 1830 2023 et
1875 1959 2191 2023 solotenus
2247 1957 2495 2045 plenius
2550 1955 3005 2044 perfectiusque
3054 1979 3200 2043 cog·

802 2060 971 2123 novi.
1081 2059 1255 2148 Opus
1312 2075 1523 2125 autem
1585 2061 1754 2126 istud
1815 2060 2286 2149 Promptorium
2345 2060 2773 2149 parvulorum,
2834 2060 2967 2125 sive
3025 2060 3202 2125 cleri·

802 2187 1042 2242 corum,
1101 2178 1249 2251 peto
1307 2165 1359 2229 si
1416 2166 1660 2253 placeat
1727 2166 2054 2254 appellari,
2084 2188 2160 2231 eo
2230 2166 2401 2253 quod
2474 2165 2580 2230 hic
2653 2164 2906 2230 seclusis
2962 2163 3208 2251 scriptis

800 2267 1141 2353 gramatice
1169 2267 1446 2348 curiosis,
1477 2271 1593 2336 sub
1622 2270 1895 2357 quodam
1927 2270 2102 2357 quasi
2145 2269 2560 2357 breviloquiO,
2589 2267 2929 2334 medullam
2961 2269 3207 2332 tamen⁸

802 2369 1134 2434 verborum
1182 2370 1530 2448 continens,
1560 2394 1671 2458 pre
1721 2371 2028 2436 brevitate
2056 2371 2154 2437 sui
2183 2383 2293 2436 aut
2320 2371 2388 2434 in
2419 2383 2737 2458 promptu,
2768 2381 2878 2434 aut
2906 2369 2985 2434 de
3014 2368 3204 2448 facili,

803 2496 838 2537 a
868 2474 1114 2539 cunctis
1151 2473 1393 2540 clericis
1420 2475 1625 2541 valeat
1670 2475 2000 2563 possideri3
2047 2487 2112 2542 et
2140 2475 2312 2564 quod
2357 2476 2426 2541 in
2474 2498 2549 2541 eo
2597 2474 2880 2563 queritur
2912 2497 3040 2540 non
3086 2472 3209 2539 dis·

804 2576 1111 2642 currendo
1161 2600 1274 2664 per
1323 2576 1543 2654 multa,
1597 2577 1705 2643 sed
1752 2578 1964 2642 statim
2016 2589 2081 2643 et
2129 2578 2198 2642 in
2254 2590 2551 2665 promptu
2601 2578 2836 2664 poterit
2889 2576 3210 2643 inveniri.⁹

807 2678 1084 2745 Cunctos
1112 2692 1323 2745 tamen
1346 2679 1724 2767 pedagogos,
1755 2678 2128 2759 didasculos,
2153 2679 2285 2745 sive
2314 2678 2515 2744 eciam
2543 2680 2893 2767 magistros,
2920 2679 3206 2766 precibus

802 2781 1129 2847 humiliter
1178 2782 1465 2870 deposce,
1497 2794 1570 2847 ut
1598 2805 1742 2848 cum
1788 2782 1956 2846 exile
2001 2781 2123 2847 hoc
2170 2806 2327 2869 opus
2373 2784 2826 2870 perspexerint,
2849 2782 3019 2870 quod
3070 2780 3208 2845 Deo

806 2908 907 2951 me
928 2886 1194 2971 juvante
1246 2887 1327 2952 sit
1371 2899 1539 2952 recte
1589 2886 1888 2973 scriptum
1946 2886 2315 2973 approbent,
2348 2898 2413 2951 et
2441 2886 2611 2973 quod
2658 2887 2822 2952 male
2871 2899 2982 2951 aut
3027 2884 3209 2950 devie

806 2988 910 3073 pie
957 2989 1278 3077 corrigant
1328 3003 1393 3054 et
1442 2988 1861 3067 emendent;¹⁰
1905 2989 2199 3076 quatinus
2247 2989 2576 3076 gramatici
2622 2990 2819 3055 exiles
2846 3001 2911 3055 et
2938 2989 3116 3077 pueri
3143 2988 3212 3053 in

806 3092 1146 3157 volumello
1202 3093 1325 3158 hoc
1382 3093 1581 3171 brevi,
1644 3105 1941 3179 tanquam
1990 3092 2055 3156 in
2124 3092 2398 3179 specu10,
2458 3092 2698 3180 possint
2764 3093 3089 3181 inspicere,
3149 3103 3215 3160 et

806 3193 1164 3257 communia
1191 3192 1498 3259 vocabula
1526 3217 1648 3280 que
1691 3206 1840 3260 sunt
1871 3196 1951 3260 ad
1991 3196 2278 3284 linguam
2310 3196 2604 3261 Latinam
2634 3198 2976 3284 spectantia
3019 3198 3212 3263 libere

808 3303 875 3355 et
920 3291 1249 3356 statissime
1296 3293 1609 3361 invenire:
1655 3319 1903 3363 necnon
1949 3311 2013 3364 et
2056 3322 2246 3386 quam
2291 3299 2502 3388 plures
2550 3298 2656 3362 alii
2707 3297 2938 3384 absque
2987 3299 3213 3364 rubore

876 3479 890 3509 ¹
930 3482 1183 3544 M⁸j⁰mm2
1206 3496 1259 3533 ¹‘-
2067 3493 2204 3543 med
2225 3492 2278 3541 in
2294 3507 2387 3541 oue
2403 3490 2719 3552 alphabeticum
2736 3494 3073 3550 arrangement
3093 3489 3212 3537 with

877 3564 900 3600 ²
935 3577 989 3612 x.
1018 3578 1062 3613 ι».
1082 3567 1284 3615 omitted
1300 3569 1351 3614 in
1376 3568 1519 3617 Harl.
1545 3570 1650 3619 MS.
2068 3575 2150 3621 the
2171 3574 2310 3622 other
2330 3580 2460 3635 parts
2479 3572 2534 3619 of
2548 3571 2738 3633 speech.

876 3645 896 3677 ³
928 3648 1079 3695 These
1100 3649 1221 3697 have
1242 3651 1362 3698 been
1387 3653 1587 3701 omitted
1609 3654 1659 3701 in
1682 3654 1765 3702 the
1784 3669 1896 3716 pre-
2141 3652 2164 3685 ⁸
2192 3655 2477 3714 Subsecuta,
2499 3666 2552 3702 x.
2575 3653 2851 3714 perscripta,
2875 3665 2920 3700 Ρ·

809 3737 916 3777 nent
937 3730 1137 3779 edition.
1206 3730 1299 3779 See
1321 3731 1537 3783 PreMe.
2139 3734 2160 3766 ⁷
2192 3738 2460 3785 Comitatus
2511 3743 2673 3783 tamen
2727 3735 3048 3783 Orientalium
3112 3735 3217 3783 An-

875 3810 894 3839 ⁴
927 3813 1044 3860 Sub.
1071 3826 1126 3861 κ.
1147 3826 1195 3860 1².
2065 3819 2256 3880 giorum
2279 3820 2478 3865 modum
2501 3817 2732 3880 loquendi
2753 3831 2917 3879 quem,
2941 3819 3034 3866 διο.
3060 3829 3108 3867 r.

873 3892 895 3921 ⁸
926 3895 1040 3941 This
1059 3903 1397 3958 arrangement
1416 3898 1521 3955 has,
1544 3899 1618 3946 for
1637 3906 1828 3961 greater
1849 3900 1918 3947 fa—
2135 3900 2155 3929 ⁸
2186 3901 2414 3960 Tantum,
2435 3916 2484 3962 p.

812 3976 944 4037 cility
966 3978 1020 4023 of
1054 3978 1312 4039 reference,
1333 3981 1455 4028 been
1491 3981 1711 4042 changed
1746 3982 1797 4028 in
1836 3981 1920 4029 the
2127 3979 2148 4010 ⁹
2181 3993 2237 4030 κ.
2263 3994 2305 4028 ι».
2329 3982 2562 4040 invenire,
2585 3982 2726 4031 Harl.
2752 3981 2860 4033 MS.

811 4065 1001 4118 present
1035 4059 1245 4108 edition:
1282 4061 1363 4108 the
1404 4063 1539 4108 verbs
1575 4076 1657 4108 are
1694 4063 1912 4123 incorpo·
2109 4062 2147 4091 ¹⁰
2179 4063 2470 4121 Emendant,
2486 4074 2542 4111 ι.
