<?xml version="1.0" encoding="UTF-8"?>
<!DOCTYPE html PUBLIC "-//W3C//DTD XHTML 1.0 Transitional//EN"
    "http://www.w3.org/TR/xhtml1/DTD/xhtml1-transitional.dtd">
<html xmlns="http://www.w3.org/1999/xhtml" xml:lang="en" lang="en">
 <head>
  <title>
</title>
<meta http-equiv="Content-Type" content="text/html;charset=utf-8" />
  <meta name='ocr-system' content='tesseract 3.04.00' />
  <meta name='ocr-capabilities' content='ocr_page ocr_carea ocr_par ocr_line ocrx_word'/>
</head>
<body>
  <div class='ocr_page' id='page_1' title='image "./promptoriumparv00librgoog_0103.png"; bbox 0 0 3782 5067; ppageno 0'>
   <div class='ocr_carea' id='block_1_1' title="bbox 1358 601 3003 656">
    <p class='ocr_par' dir='ltr' id='par_1_1' title="bbox 1358 601 3003 656">
     <span class='ocr_line' id='line_1_1' title="bbox 1358 601 3003 656; baseline 0.002 -4"><span class='ocrx_word' id='word_1_1' title='bbox 1358 613 1784 653; x_wconf 69' lang='lat' dir='ltr'>mour-romum</span> <span class='ocrx_word' id='word_1_2' title='bbox 1816 614 2233 653; x_wconf 69' lang='lat' dir='ltr'>PARvunontm.</span> <span class='ocrx_word' id='word_1_3' title='bbox 2968 601 3003 656; x_wconf 82' lang='lat'><strong>3</strong></span> 
     </span>
    </p>
   </div>
   <div class='ocr_carea' id='block_1_2' title="bbox 585 755 3002 1465">
    <p class='ocr_par' dir='ltr' id='par_1_2' title="bbox 585 755 3002 1465">
     <span class='ocr_line' id='line_1_2' title="bbox 585 755 3002 845; baseline 0.002 -26"><span class='ocrx_word' id='word_1_4' title='bbox 585 766 733 842; x_wconf 86' lang='lat' dir='ltr'>post</span> <span class='ocrx_word' id='word_1_5' title='bbox 761 765 940 844; x_wconf 80' lang='lat' dir='ltr'>terga</span> <span class='ocrx_word' id='word_1_6' title='bbox 985 755 1401 821; x_wconf 88' lang='lat' dir='ltr'>metencium¹</span> <span class='ocrx_word' id='word_1_7' title='bbox 1435 756 1634 844; x_wconf 81' lang='lat' dir='ltr'>spicas</span> <span class='ocrx_word' id='word_1_8' title='bbox 1678 756 1874 821; x_wconf 89' lang='lat' dir='ltr'>eciam</span> <span class='ocrx_word' id='word_1_9' title='bbox 1926 756 2164 844; x_wconf 80' lang='lat' dir='ltr'>possint</span> <span class='ocrx_word' id='word_1_10' title='bbox 2213 756 2529 845; x_wconf 84' lang='lat' dir='ltr'>colligere,</span> <span class='ocrx_word' id='word_1_11' title='bbox 2555 759 2664 845; x_wconf 92' lang='lat' dir='ltr'>qui</span> <span class='ocrx_word' id='word_1_12' title='bbox 2695 759 2853 824; x_wconf 89' lang='lat' dir='ltr'>forte</span> <span class='ocrx_word' id='word_1_13' title='bbox 2893 774 3002 824; x_wconf 84' lang='lat' dir='ltr'>aut</span> 
     </span>
     <span class='ocr_line' id='line_1_3' title="bbox 586 859 3002 949; baseline 0.002 -26"><span class='ocrx_word' id='word_1_14' title='bbox 586 859 796 939; x_wconf 85' lang='lat' dir='ltr'>etatis,</span> <span class='ocrx_word' id='word_1_15' title='bbox 850 872 960 925; x_wconf 81' lang='lat' dir='ltr'>aut</span> <span class='ocrx_word' id='word_1_16' title='bbox 1004 860 1267 925; x_wconf 85' lang='lat' dir='ltr'>aliarum</span> <span class='ocrx_word' id='word_1_17' title='bbox 1316 881 1639 925; x_wconf 83' lang='lat' dir='ltr'>causarum</span> <span class='ocrx_word' id='word_1_18' title='bbox 1687 884 1800 948; x_wconf 92' lang='lat' dir='ltr'>pre</span> <span class='ocrx_word' id='word_1_19' title='bbox 1838 861 2079 948; x_wconf 89' lang='lat' dir='ltr'>pudore</span> <span class='ocrx_word' id='word_1_20' title='bbox 2135 860 2400 940; x_wconf 87' lang='lat' dir='ltr'>confusi,</span> <span class='ocrx_word' id='word_1_21' title='bbox 2452 861 2518 926; x_wconf 90' lang='lat' dir='ltr'>id</span> <span class='ocrx_word' id='word_1_22' title='bbox 2568 864 2735 949; x_wconf 90' lang='lat' dir='ltr'>quod</span> <span class='ocrx_word' id='word_1_23' title='bbox 2794 863 3002 929; x_wconf 89' lang='lat' dir='ltr'>minus</span> 
     </span>
     <span class='ocr_line' id='line_1_4' title="bbox 587 964 3000 1052; baseline 0.002 -24"><span class='ocrx_word' id='word_1_24' title='bbox 587 964 799 1029; x_wconf 85' lang='lat' dir='ltr'>sciunt</span> <span class='ocrx_word' id='word_1_25' title='bbox 847 965 927 1030; x_wconf 88' lang='lat' dir='ltr'>ab</span> <span class='ocrx_word' id='word_1_26' title='bbox 976 965 1113 1030; x_wconf 89' lang='lat' dir='ltr'>aliis</span> <span class='ocrx_word' id='word_1_27' title='bbox 1159 964 1393 1030; x_wconf 77' lang='lat' dir='ltr'>discere</span> <span class='ocrx_word' id='word_1_28' title='bbox 1443 965 1834 1030; x_wconf 86' lang='lat' dir='ltr'>erubescunt.</span> <span class='ocrx_word' id='word_1_29' title='bbox 1929 964 2136 1052; x_wconf 82' lang='lat' dir='ltr'>Igitur</span> <span class='ocrx_word' id='word_1_30' title='bbox 2182 964 2542 1052; x_wconf 81' lang='lat' dir='ltr'>quicunque</span> <span class='ocrx_word' id='word_1_31' title='bbox 2593 967 2712 1032; x_wconf 86' lang='lat' dir='ltr'>sibi</span> <span class='ocrx_word' id='word_1_32' title='bbox 2759 966 2827 1031; x_wconf 90' lang='lat' dir='ltr'>in</span> <span class='ocrx_word' id='word_1_33' title='bbox 2879 968 3000 1032; x_wconf 90' lang='lat' dir='ltr'>hoc</span> 
     </span>
     <span class='ocr_line' id='line_1_5' title="bbox 588 1065 2999 1156; baseline 0.002 -29"><span class='ocrx_word' id='word_1_34' title='bbox 588 1087 779 1150; x_wconf 89' lang='lat' dir='ltr'>opere</span> <span class='ocrx_word' id='word_1_35' title='bbox 827 1065 1102 1132; x_wconf 72' lang='lat' dir='ltr'>inculto²</span> <span class='ocrx_word' id='word_1_36' title='bbox 1133 1067 1422 1132; x_wconf 79' lang='lat' dir='ltr'>utilitatis</span> <span class='ocrx_word' id='word_1_37' title='bbox 1472 1067 1713 1155; x_wconf 88' lang='lat' dir='ltr'>aliquid</span> <span class='ocrx_word' id='word_1_38' title='bbox 1763 1068 2053 1133; x_wconf 82' lang='lat' dir='ltr'>solaciive</span> <span class='ocrx_word' id='word_1_39' title='bbox 2104 1066 2555 1154; x_wconf 83' lang='lat' dir='ltr'>perspexerint,</span> <span class='ocrx_word' id='word_1_40' title='bbox 2583 1067 2721 1134; x_wconf 91' lang='lat' dir='ltr'>Deo</span> <span class='ocrx_word' id='word_1_41' title='bbox 2768 1070 2999 1156; x_wconf 80' lang='lat' dir='ltr'>gratias</span> 
     </span>
     <span class='ocr_line' id='line_1_6' title="bbox 587 1163 2995 1259; baseline 0.004 -32"><span class='ocrx_word' id='word_1_42' title='bbox 587 1163 877 1244; x_wconf 82' lang='lat' dir='ltr'>reddant,</span> <span class='ocrx_word' id='word_1_43' title='bbox 910 1180 975 1231; x_wconf 92' lang='lat' dir='ltr'>et</span> <span class='ocrx_word' id='word_1_44' title='bbox 1002 1191 1114 1255; x_wconf 91' lang='lat' dir='ltr'>pro</span> <span class='ocrx_word' id='word_1_45' title='bbox 1146 1193 1245 1236; x_wconf 88' lang='lat' dir='ltr'>me</span> <span class='ocrx_word' id='word_1_46' title='bbox 1274 1183 1599 1259; x_wconf 82' lang='lat' dir='ltr'>peccatore</span> <span class='ocrx_word' id='word_1_47' title='bbox 1630 1172 2110 1238; x_wconf 77' lang='lat' dir='ltr'>misericorditer</span> <span class='ocrx_word' id='word_1_48' title='bbox 2138 1171 2547 1236; x_wconf 76' lang='lat' dir='ltr'>intercedant.</span> <span class='ocrx_word' id='word_1_49' title='bbox 2641 1171 2995 1239; x_wconf 74' lang='lat' dir='ltr'>EXPLICIT</span> 
     </span>
     <span class='ocr_line' id='line_1_7' title="bbox 589 1267 2998 1362; baseline 0.004 -33"><span class='ocrx_word' id='word_1_50' title='bbox 589 1267 1026 1351; x_wconf 88' lang='lat' dir='ltr'>preambulum</span> <span class='ocrx_word' id='word_1_51' title='bbox 1078 1271 1147 1336; x_wconf 89' lang='lat' dir='ltr'>in</span> <span class='ocrx_word' id='word_1_52' title='bbox 1198 1272 1481 1338; x_wconf 91' lang='lat' dir='ltr'>libellum</span> <span class='ocrx_word' id='word_1_53' title='bbox 1522 1273 1923 1362; x_wconf 80' lang='lat' dir='ltr'>predictum‚³</span> <span class='ocrx_word' id='word_1_54' title='bbox 1971 1274 2314 1340; x_wconf 89' lang='lat' dir='ltr'>secundum</span> <span class='ocrx_word' id='word_1_55' title='bbox 2362 1271 2689 1361; x_wconf 83' lang='lat' dir='ltr'>vulgarem</span> <span class='ocrx_word' id='word_1_56' title='bbox 2739 1274 2998 1338; x_wconf 89' lang='lat' dir='ltr'>modum</span> 
     </span>
     <span class='ocr_line' id='line_1_8' title="bbox 589 1366 1737 1465; baseline 0.01 -34"><span class='ocrx_word' id='word_1_57' title='bbox 589 1367 891 1456; x_wconf 89' lang='lat' dir='ltr'>loquendi</span> <span class='ocrx_word' id='word_1_58' title='bbox 923 1372 1323 1440; x_wconf 85' lang='lat' dir='ltr'>orientalium</span> <span class='ocrx_word' id='word_1_59' title='bbox 1356 1366 1737 1465; x_wconf 85' lang='lat' dir='ltr'>Anglorum.</span> 
     </span>
    </p>
   </div>
   <div class='ocr_carea' id='block_1_3' title="bbox 585 1543 2998 2030">
    <p class='ocr_par' dir='ltr' id='par_1_3' title="bbox 585 1543 2998 2030">
     <span class='ocr_line' id='line_1_9' title="bbox 682 1543 2998 1637; baseline 0.002 -30"><span class='ocrx_word' id='word_1_60' title='bbox 682 1543 798 1608; x_wconf 88' lang='lat' dir='ltr'>Isti</span> <span class='ocrx_word' id='word_1_61' title='bbox 837 1559 984 1612; x_wconf 89' lang='lat' dir='ltr'>sunt</span> <span class='ocrx_word' id='word_1_62' title='bbox 1024 1551 1311 1615; x_wconf 82' lang='lat' dir='ltr'>&#39;auctores</span> <span class='ocrx_word' id='word_1_63' title='bbox 1340 1573 1422 1614; x_wconf 85' lang='lat' dir='ltr'>ex</span> <span class='ocrx_word' id='word_1_64' title='bbox 1451 1573 1719 1637; x_wconf 89' lang='lat' dir='ltr'>quorum</span> <span class='ocrx_word' id='word_1_65' title='bbox 1756 1550 1934 1617; x_wconf 89' lang='lat' dir='ltr'>libris</span> <span class='ocrx_word' id='word_1_66' title='bbox 1978 1552 2238 1618; x_wconf 84' lang='lat' dir='ltr'>collecta</span> <span class='ocrx_word' id='word_1_67' title='bbox 2287 1563 2435 1616; x_wconf 89' lang='lat' dir='ltr'>sunt</span> <span class='ocrx_word' id='word_1_68' title='bbox 2461 1547 2765 1614; x_wconf 87' lang='lat' dir='ltr'>vocabula</span> <span class='ocrx_word' id='word_1_69' title='bbox 2810 1547 2998 1633; x_wconf 87' lang='lat' dir='ltr'>hujus</span> 
     </span>
     <span class='ocr_line' id='line_1_10' title="bbox 588 1645 2995 1740; baseline 0.002 -31"><span class='ocrx_word' id='word_1_70' title='bbox 588 1645 813 1726; x_wconf 85' lang='lat' dir='ltr'>libelli,</span> <span class='ocrx_word' id='word_1_71' title='bbox 854 1672 965 1736; x_wconf 93' lang='lat' dir='ltr'>per</span> <span class='ocrx_word' id='word_1_72' title='bbox 1002 1649 1257 1716; x_wconf 84' lang='lat' dir='ltr'>fratrem</span> <span class='ocrx_word' id='word_1_73' title='bbox 1308 1651 1760 1739; x_wconf 84' lang='lat' dir='ltr'>predicatorem</span> <span class='ocrx_word' id='word_1_74' title='bbox 1813 1654 2122 1719; x_wconf 87' lang='lat' dir='ltr'>reclusum</span> <span class='ocrx_word' id='word_1_75' title='bbox 2177 1654 2396 1718; x_wconf 91' lang='lat' dir='ltr'>Lenne</span> <span class='ocrx_word' id='word_1_76' title='bbox 2445 1652 2765 1740; x_wconf 87' lang='lat' dir='ltr'>Episcopi,</span> <span class='ocrx_word' id='word_1_77' title='bbox 2800 1652 2995 1715; x_wconf 90' lang='lat' dir='ltr'>Anno</span> 
     </span>
     <span class='ocr_line' id='line_1_11' title="bbox 589 1747 2995 1844; baseline 0.002 -31"><span class='ocrx_word' id='word_1_78' title='bbox 589 1747 859 1815; x_wconf 89' lang='lat' dir='ltr'>Domini</span> <span class='ocrx_word' id='word_1_79' title='bbox 926 1752 1258 1818; x_wconf 89' lang='lat' dir='ltr'>millesimo</span> <span class='ocrx_word' id='word_1_80' title='bbox 1316 1772 1514 1821; x_wconf 82' lang='lat'><em>0000.</em></span> <span class='ocrx_word' id='word_1_81' title='bbox 1576 1762 1718 1821; x_wconf 78' lang='lat' dir='ltr'><strong>xL0.</strong></span> <span class='ocrx_word' id='word_1_82' title='bbox 1834 1756 2033 1844; x_wconf 88' lang='lat' dir='ltr'>Cujus</span> <span class='ocrx_word' id='word_1_83' title='bbox 2091 1757 2299 1821; x_wconf 85' lang='lat' dir='ltr'>anime</span> <span class='ocrx_word' id='word_1_84' title='bbox 2355 1756 2731 1842; x_wconf 88' lang='lat' dir='ltr'>propicieter</span> <span class='ocrx_word' id='word_1_85' title='bbox 2802 1752 2995 1818; x_wconf 88' lang='lat' dir='ltr'>Deus.</span> 
     </span>
     <span class='ocr_line' id='line_1_12' title="bbox 590 1851 2994 1949; baseline 0.002 -33"><span class='ocrx_word' id='word_1_86' title='bbox 590 1851 678 1917; x_wconf 84' lang='lat' dir='ltr'>Et</span> <span class='ocrx_word' id='word_1_87' title='bbox 736 1853 1095 1922; x_wconf 78' lang='lat' dir='ltr'>intitulatur</span> <span class='ocrx_word' id='word_1_88' title='bbox 1144 1853 1303 1923; x_wconf 89' lang='lat' dir='ltr'>liber</span> <span class='ocrx_word' id='word_1_89' title='bbox 1361 1859 1477 1925; x_wconf 86' lang='lat' dir='ltr'>iste</span> <span class='ocrx_word' id='word_1_90' title='bbox 1539 1859 2009 1949; x_wconf 88' lang='lat' dir='ltr'>Promptorium</span> <span class='ocrx_word' id='word_1_91' title='bbox 2067 1860 2494 1948; x_wconf 85' lang='lat' dir='ltr'>parvulorum.</span> <span class='ocrx_word' id='word_1_92' title='bbox 2611 1858 2756 1923; x_wconf 91' lang='lat' dir='ltr'>Hoc</span> <span class='ocrx_word' id='word_1_93' title='bbox 2805 1856 2994 1922; x_wconf 90' lang='lat' dir='ltr'>modo</span> 
     </span>
     <span class='ocr_line' id='line_1_13' title="bbox 585 1957 2242 2030; baseline 0.005 -10"><span class='ocrx_word' id='word_1_94' title='bbox 585 1957 949 2026; x_wconf 85' lang='lat' dir='ltr'>scribuntur</span> <span class='ocrx_word' id='word_1_95' title='bbox 978 1961 1234 2027; x_wconf 84' lang='lat' dir='ltr'>nomina</span> <span class='ocrx_word' id='word_1_96' title='bbox 1263 1977 1592 2029; x_wconf 85' lang='lat' dir='ltr'>auctorum</span> <span class='ocrx_word' id='word_1_97' title='bbox 1620 1965 1784 2029; x_wconf 85' lang='lat' dir='ltr'>infra</span> <span class='ocrx_word' id='word_1_98' title='bbox 1811 1966 1880 2029; x_wconf 90' lang='lat' dir='ltr'>in</span> <span class='ocrx_word' id='word_1_99' title='bbox 1910 1964 2032 2030; x_wconf 88' lang='lat' dir='ltr'>hoc</span> <span class='ocrx_word' id='word_1_100' title='bbox 2060 1965 2242 2030; x_wconf 93' lang='lat' dir='ltr'>libro.</span> 
     </span>
    </p>
   </div>
   <div class='ocr_carea' id='block_1_4' title="bbox 892 2062 2748 3467">
    <p class='ocr_par' dir='ltr' id='par_1_4' title="bbox 892 2062 2748 3467">
     <span class='ocr_line' id='line_1_14' title="bbox 897 2062 2606 2132; baseline 0.001 -1"><span class='ocrx_word' id='word_1_101' title='bbox 897 2065 946 2131; x_wconf 83' lang='lat' dir='ltr'><strong>J</strong></span> <span class='ocrx_word' id='word_1_102' title='bbox 945 2064 1233 2131; x_wconf 87' lang='lat' dir='ltr'>anuensis</span> <span class='ocrx_word' id='word_1_103' title='bbox 1259 2062 1328 2128; x_wconf 89' lang='lat' dir='ltr'>in</span> <span class='ocrx_word' id='word_1_104' title='bbox 1357 2087 1470 2130; x_wconf 90' lang='lat' dir='ltr'>suo</span> <span class='ocrx_word' id='word_1_105' title='bbox 1502 2065 1874 2131; x_wconf 88' lang='lat' dir='ltr'>Catholicon</span> <span class='ocrx_word' id='word_1_106' title='bbox 2091 2116 2103 2128; x_wconf 93' lang='lat'><strong>.</strong></span> <span class='ocrx_word' id='word_1_107' title='bbox 2285 2116 2297 2128; x_wconf 93' lang='lat'>.</span> <span class='ocrx_word' id='word_1_108' title='bbox 2387 2081 2606 2132; x_wconf 76' lang='lat' dir='ltr'>CATH.</span> 
     </span>
     <span class='ocr_line' id='line_1_15' title="bbox 900 2163 2507 2252; baseline -0.001 -23"><span class='ocrx_word' id='word_1_109' title='bbox 900 2163 1167 2252; x_wconf 84' lang='lat' dir='ltr'>Uguitio</span> <span class='ocrx_word' id='word_1_110' title='bbox 1189 2163 1257 2227; x_wconf 93' lang='lat' dir='ltr'>in</span> <span class='ocrx_word' id='word_1_111' title='bbox 1289 2164 1509 2250; x_wconf 85' lang='lat' dir='ltr'>majori</span> <span class='ocrx_word' id='word_1_112' title='bbox 1537 2165 1860 2229; x_wconf 83' lang='lat' dir='ltr'>volumine</span> <span class='ocrx_word' id='word_1_113' title='bbox 2093 2216 2104 2228; x_wconf 89' lang='lat'><strong>.</strong></span> <span class='ocrx_word' id='word_1_114' title='bbox 2282 2212 2298 2230; x_wconf 91' lang='lat'><strong>.</strong></span> <span class='ocrx_word' id='word_1_115' title='bbox 2390 2181 2507 2229; x_wconf 77' lang='lat' dir='ltr'>UG.</span> 
     </span>
     <span class='ocr_line' id='line_1_16' title="bbox 900 2261 2606 2351; baseline 0.002 -24"><span class='ocrx_word' id='word_1_116' title='bbox 900 2261 1168 2351; x_wconf 86' lang='lat' dir='ltr'>Uguitio</span> <span class='ocrx_word' id='word_1_117' title='bbox 1197 2266 1581 2332; x_wconf 86' lang='lat' dir='ltr'>versificatus</span> <span class='ocrx_word' id='word_1_118' title='bbox 1708 2318 1722 2331; x_wconf 91' lang='lat'>.</span> <span class='ocrx_word' id='word_1_119' title='bbox 1902 2315 1917 2331; x_wconf 89' lang='lat'><strong>.</strong></span> <span class='ocrx_word' id='word_1_120' title='bbox 2095 2319 2108 2331; x_wconf 92' lang='lat'><strong>.</strong></span> <span class='ocrx_word' id='word_1_121' title='bbox 2289 2318 2301 2330; x_wconf 92' lang='lat'><strong><em>.</em></strong></span> <span class='ocrx_word' id='word_1_122' title='bbox 2390 2285 2509 2332; x_wconf 71' lang='grc' dir='ltr'>ΠΟ.</span> <span class='ocrx_word' id='word_1_123' title='bbox 2540 2285 2606 2331; x_wconf 85' lang='lat' dir='ltr'>v.</span> 
     </span>
     <span class='ocr_line' id='line_1_17' title="bbox 896 2363 2575 2436; baseline 0.004 -9"><span class='ocrx_word' id='word_1_124' title='bbox 896 2363 1074 2430; x_wconf 90' lang='lat' dir='ltr'>Brito</span> <span class='ocrx_word' id='word_1_125' title='bbox 1313 2418 1327 2434; x_wconf 91' lang='lat'><strong>.</strong></span> <span class='ocrx_word' id='word_1_126' title='bbox 1507 2421 1519 2432; x_wconf 91' lang='lat'>.</span> <span class='ocrx_word' id='word_1_127' title='bbox 1895 2422 1908 2433; x_wconf 91' lang='lat'><strong>.</strong></span> <span class='ocrx_word' id='word_1_128' title='bbox 2088 2422 2101 2434; x_wconf 92' lang='lat'>.</span> <span class='ocrx_word' id='word_1_129' title='bbox 2281 2421 2294 2433; x_wconf 91' lang='lat'><strong>.</strong></span> <span class='ocrx_word' id='word_1_130' title='bbox 2383 2390 2575 2436; x_wconf 73' lang='lat' dir='ltr'>Bm&#39;r.</span> 
     </span>
     <span class='ocr_line' id='line_1_18' title="bbox 900 2466 2547 2561; baseline 0.004 -30.004"><span class='ocrx_word' id='word_1_131' title='bbox 900 2466 1358 2536; x_wconf 82' lang='lat' dir='ltr'>Mirivalensis</span> <span class='ocrx_word' id='word_1_132' title='bbox 1341 2495 1409 2536; x_wconf 91' lang='lat' dir='ltr'>1n</span> <span class='ocrx_word' id='word_1_133' title='bbox 1437 2495 1658 2561; x_wconf 86' lang='lat' dir='ltr'>campo</span> <span class='ocrx_word' id='word_1_134' title='bbox 1687 2472 1916 2540; x_wconf 88' lang='lat' dir='ltr'>florum</span> <span class='ocrx_word' id='word_1_135' title='bbox 2095 2525 2107 2538; x_wconf 93' lang='lat'>.</span> <span class='ocrx_word' id='word_1_136' title='bbox 2288 2522 2302 2539; x_wconf 91' lang='lat'><strong>.</strong></span> <span class='ocrx_word' id='word_1_137' title='bbox 2391 2490 2454 2540; x_wconf 85' lang='lat' dir='ltr'>c.</span> <span class='ocrx_word' id='word_1_138' title='bbox 2480 2493 2547 2539; x_wconf 69' lang='grc' dir='ltr'>Ε.</span> 
     </span>
     <span class='ocr_line' id='line_1_19' title="bbox 899 2572 2541 2744; baseline 0.004 -108"><span class='ocrx_word' id='word_1_139' title='bbox 899 2572 945 2637; x_wconf 82' lang='lat' dir='ltr'>J</span> <span class='ocrx_word' id='word_1_140' title='bbox 948 2572 1224 2639; x_wconf 82' lang='lat' dir='ltr'>ohannes</span> <span class='ocrx_word' id='word_1_141' title='bbox 1253 2574 1332 2641; x_wconf 91' lang='lat' dir='ltr'>de</span> <span class='ocrx_word' id='word_1_142' title='bbox 1365 2575 1725 2656; x_wconf 86' lang='lat' dir='ltr'>Garlondia,</span> <span class='ocrx_word' id='word_1_143' title='bbox 1757 2578 1827 2641; x_wconf 91' lang='lat' dir='ltr'>in</span> <span class='ocrx_word' id='word_1_144' title='bbox 1858 2577 2257 2644; x_wconf 87' lang='lat' dir='ltr'>Diccionario</span> <span class='ocrx_word' id='word_1_145' title='bbox 2315 2572 2541 2744; x_wconf 60' lang='lat' dir='ltr'>}D&#39;ICO</span> 
     </span>
     <span class='ocr_line' id='line_1_20' title="bbox 981 2670 2562 2744; baseline 0.003 -3"><span class='ocrx_word' id='word_1_146' title='bbox 981 2678 1299 2743; x_wconf 85' lang='lat' dir='ltr'>scolastico</span> <span class='ocrx_word' id='word_1_147' title='bbox 2084 2733 2095 2744; x_wconf 96' lang='lat'>.</span> <span class='ocrx_word' id='word_1_148' title='bbox 2549 2670 2562 2683; x_wconf 65' lang='lat'>⁸</span> 
     </span>
     <span class='ocr_line' id='line_1_21' title="bbox 899 2779 2590 2849; baseline 0.001 -5"><span class='ocrx_word' id='word_1_149' title='bbox 899 2779 1398 2846; x_wconf 79' lang='lat' dir='ltr'>Commentarius</span> <span class='ocrx_word' id='word_1_150' title='bbox 1429 2782 1759 2847; x_wconf 88' lang='lat' dir='ltr'>curialium</span> <span class='ocrx_word' id='word_1_151' title='bbox 1893 2832 1906 2846; x_wconf 87' lang='lat'><em>.</em></span> <span class='ocrx_word' id='word_1_152' title='bbox 2283 2829 2297 2845; x_wconf 90' lang='lat'>.</span> <span class='ocrx_word' id='word_1_153' title='bbox 2357 2801 2590 2849; x_wconf 68' lang='lat' dir='ltr'>coum.</span> 
     </span>
     <span class='ocr_line' id='line_1_22' title="bbox 901 2884 2728 3050; baseline 0.001 -101"><span class='ocrx_word' id='word_1_154' title='bbox 901 2884 1179 2950; x_wconf 88' lang='lat' dir='ltr'>Libellus</span> <span class='ocrx_word' id='word_1_155' title='bbox 1196 2886 1613 2951; x_wconf 88' lang='lat' dir='ltr'>misteriorum</span> <span class='ocrx_word' id='word_1_156' title='bbox 1638 2886 1749 2973; x_wconf 88' lang='lat' dir='ltr'>qui</span> <span class='ocrx_word' id='word_1_157' title='bbox 1767 2885 2001 2951; x_wconf 81' lang='lat' dir='ltr'>dicitur</span> <span class='ocrx_word' id='word_1_158' title='bbox 2025 2885 2267 2974; x_wconf 86' lang='lat' dir='ltr'>Anglia</span> <span class='ocrx_word' id='word_1_159' title='bbox 2321 2893 2502 3050; x_wconf 74' lang='lat' dir='ltr'>}L113</span> <span class='ocrx_word' id='word_1_160' title='bbox 2555 2946 2610 2990; x_wconf 77' lang='lat' dir='ltr'>M</span> <span class='ocrx_word' id='word_1_161' title='bbox 2619 2946 2728 2992; x_wconf 72' lang='lat'>18&#39;1·</span> 
     </span>
     <span class='ocr_line' id='line_1_23' title="bbox 981 2976 2748 3075; baseline 0.001 -23"><span class='ocrx_word' id='word_1_162' title='bbox 981 3012 1101 3075; x_wconf 90' lang='lat' dir='ltr'>que</span> <span class='ocrx_word' id='word_1_163' title='bbox 1130 2988 1335 3075; x_wconf 84' lang='lat' dir='ltr'>fulget</span> <span class='ocrx_word' id='word_1_164' title='bbox 2509 2978 2524 2993; x_wconf 64' lang='lat'>⁸</span> <span class='ocrx_word' id='word_1_165' title='bbox 2734 2976 2748 2990; x_wconf 61' lang='lat'><em>⁶</em></span> 
     </span>
     <span class='ocr_line' id='line_1_24' title="bbox 896 3091 2573 3156; baseline -0.001 -2"><span class='ocrx_word' id='word_1_166' title='bbox 896 3091 1203 3155; x_wconf 77' lang='lat' dir='ltr'>Mel-arius</span> <span class='ocrx_word' id='word_1_167' title='bbox 1328 3143 1339 3156; x_wconf 91' lang='lat'><strong>.</strong></span> <span class='ocrx_word' id='word_1_168' title='bbox 1707 3142 1719 3153; x_wconf 94' lang='lat'>.</span> <span class='ocrx_word' id='word_1_169' title='bbox 1903 3141 1917 3155; x_wconf 91' lang='lat'><strong>.</strong></span> <span class='ocrx_word' id='word_1_170' title='bbox 2099 3139 2116 3156; x_wconf 88' lang='lat'><strong>.</strong></span> <span class='ocrx_word' id='word_1_171' title='bbox 2297 3141 2309 3153; x_wconf 89' lang='lat'><strong>.</strong></span> <span class='ocrx_word' id='word_1_172' title='bbox 2399 3107 2573 3153; x_wconf 68' lang='grc' dir='ltr'><strong>ΗΕΒ.</strong></span> 
     </span>
     <span class='ocr_line' id='line_1_25' title="bbox 900 3193 2565 3282; baseline -0.001 -25"><span class='ocrx_word' id='word_1_173' title='bbox 900 3193 1204 3282; x_wconf 88' lang='lat' dir='ltr'>Distigius</span> <span class='ocrx_word' id='word_1_174' title='bbox 1322 3244 1336 3260; x_wconf 90' lang='lat'><em>.</em></span> <span class='ocrx_word' id='word_1_175' title='bbox 1713 3244 1726 3256; x_wconf 92' lang='lat'><strong>.</strong></span> <span class='ocrx_word' id='word_1_176' title='bbox 1909 3244 1922 3256; x_wconf 93' lang='lat'><strong>.</strong></span> <span class='ocrx_word' id='word_1_177' title='bbox 2100 3241 2115 3256; x_wconf 93' lang='lat'><strong>.</strong></span> <span class='ocrx_word' id='word_1_178' title='bbox 2295 3244 2307 3256; x_wconf 88' lang='lat'><strong>.</strong></span> <span class='ocrx_word' id='word_1_179' title='bbox 2399 3209 2565 3257; x_wconf 78' lang='lat' dir='ltr'>DIST</span> 
     </span>
     <span class='ocr_line' id='line_1_26' title="bbox 893 3289 2601 3386; baseline -0.001 -24"><span class='ocrx_word' id='word_1_180' title='bbox 893 3297 1204 3363; x_wconf 86' lang='lat' dir='ltr'>Robertus</span> <span class='ocrx_word' id='word_1_181' title='bbox 1234 3297 1565 3386; x_wconf 84' lang='lat' dir='ltr'>Kylwarbi</span> <span class='ocrx_word' id='word_1_182' title='bbox 1709 3347 1721 3359; x_wconf 93' lang='lat'>.</span> <span class='ocrx_word' id='word_1_183' title='bbox 1904 3348 1915 3358; x_wconf 94' lang='lat'>.</span> <span class='ocrx_word' id='word_1_184' title='bbox 2095 3345 2109 3361; x_wconf 91' lang='lat'><strong><em>.</em></strong></span> <span class='ocrx_word' id='word_1_185' title='bbox 2246 3289 2254 3298; x_wconf 74' lang='grc'><strong>’</strong></span> <span class='ocrx_word' id='word_1_186' title='bbox 2289 3347 2301 3359; x_wconf 93' lang='grc'><em>.</em></span> <span class='ocrx_word' id='word_1_187' title='bbox 2391 3315 2601 3361; x_wconf 67' lang='lat' dir='ltr'>Knm</span> 
     </span>
     <span class='ocr_line' id='line_1_27' title="bbox 892 3401 2600 3467; baseline -0.002 -1"><span class='ocrx_word' id='word_1_188' title='bbox 892 3401 1256 3467; x_wconf 83' lang='lat' dir='ltr'>Alexander</span> <span class='ocrx_word' id='word_1_189' title='bbox 1286 3401 1606 3466; x_wconf 87' lang='lat' dir='ltr'>Neccham</span> <span class='ocrx_word' id='word_1_190' title='bbox 1705 3449 1720 3465; x_wconf 92' lang='lat'><strong>.</strong></span> <span class='ocrx_word' id='word_1_191' title='bbox 1903 3448 1919 3465; x_wconf 90' lang='lat'><strong>.</strong></span> <span class='ocrx_word' id='word_1_192' title='bbox 2093 3450 2108 3463; x_wconf 89' lang='lat'><em>.</em></span> <span class='ocrx_word' id='word_1_193' title='bbox 2288 3450 2301 3463; x_wconf 92' lang='lat'>.</span> <span class='ocrx_word' id='word_1_194' title='bbox 2391 3417 2600 3465; x_wconf 74' lang='lat' dir='ltr'><strong>NEOO.</strong></span> 
     </span>
    </p>
   </div>
   <div class='ocr_carea' id='block_1_5' title="bbox 584 3502 2987 3675">
    <p class='ocr_par' dir='ltr' id='par_1_5' title="bbox 584 3502 2987 3675">
     <span class='ocr_line' id='line_1_28' title="bbox 588 3502 2987 3590; baseline -0.004 -16"><span class='ocrx_word' id='word_1_195' title='bbox 588 3507 757 3574; x_wconf 88' lang='lat' dir='ltr'>Cum</span> <span class='ocrx_word' id='word_1_196' title='bbox 803 3504 941 3570; x_wconf 86' lang='lat' dir='ltr'>aliis</span> <span class='ocrx_word' id='word_1_197' title='bbox 979 3504 1169 3570; x_wconf 82' lang='lat' dir='ltr'>variis</span> <span class='ocrx_word' id='word_1_198' title='bbox 1214 3504 1390 3569; x_wconf 90' lang='lat' dir='ltr'>libris</span> <span class='ocrx_word' id='word_1_199' title='bbox 1440 3517 1506 3569; x_wconf 88' lang='lat' dir='ltr'>et</span> <span class='ocrx_word' id='word_1_200' title='bbox 1554 3504 1782 3569; x_wconf 89' lang='lat' dir='ltr'>libellis</span> <span class='ocrx_word' id='word_1_201' title='bbox 1827 3503 2123 3590; x_wconf 88' lang='lat' dir='ltr'>inspectis</span> <span class='ocrx_word' id='word_1_202' title='bbox 2169 3514 2233 3567; x_wconf 90' lang='lat' dir='ltr'>et</span> <span class='ocrx_word' id='word_1_203' title='bbox 2261 3502 2614 3581; x_wconf 88' lang='lat' dir='ltr'>intellectis,</span> <span class='ocrx_word' id='word_1_204' title='bbox 2648 3505 2784 3566; x_wconf 75' lang='lat' dir='ltr'>Deo</span> <span class='ocrx_word' id='word_1_205' title='bbox 2814 3517 2913 3587; x_wconf 67' lang='lat' dir='ltr'>adj</span> <span class='ocrx_word' id='word_1_206' title='bbox 2923 3526 2987 3565; x_wconf 92' lang='lat' dir='ltr'>u-</span> 
     </span>
     <span class='ocr_line' id='line_1_29' title="bbox 584 3606 1593 3675; baseline -0.005 0"><span class='ocrx_word' id='word_1_207' title='bbox 584 3621 779 3675; x_wconf 84' lang='lat' dir='ltr'>vante</span> <span class='ocrx_word' id='word_1_208' title='bbox 807 3631 953 3673; x_wconf 92' lang='lat' dir='ltr'>cum</span> <span class='ocrx_word' id='word_1_209' title='bbox 982 3619 1116 3672; x_wconf 86' lang='lat' dir='ltr'>tota</span> <span class='ocrx_word' id='word_1_210' title='bbox 1144 3606 1317 3672; x_wconf 88' lang='lat' dir='ltr'>curia</span> <span class='ocrx_word' id='word_1_211' title='bbox 1339 3606 1593 3672; x_wconf 85' lang='lat' dir='ltr'>celesti.⁴</span> 
     </span>
    </p>
   </div>
   <div class='ocr_carea' id='block_1_6' title="bbox 585 3777 2990 4007">
    <p class='ocr_par' dir='ltr' id='par_1_6' title="bbox 585 3777 2990 4007">
     <span class='ocr_line' id='line_1_30' title="bbox 656 3777 2663 3842; baseline -0.002 -10"><span class='ocrx_word' id='word_1_212' title='bbox 656 3784 671 3814; x_wconf 88' lang='lat'><strong>¹</strong></span> <span class='ocrx_word' id='word_1_213' title='bbox 710 3797 764 3832; x_wconf 77' lang='grc' dir='ltr'>κ.</span> <span class='ocrx_word' id='word_1_214' title='bbox 789 3795 843 3830; x_wconf 75' lang='lat' dir='ltr'>n.</span> <span class='ocrx_word' id='word_1_215' title='bbox 862 3795 908 3830; x_wconf 73' lang='grc' dir='ltr'>ι’.</span> <span class='ocrx_word' id='word_1_216' title='bbox 932 3782 1278 3842; x_wconf 80' lang='lat' dir='ltr'>metuencium,</span> <span class='ocrx_word' id='word_1_217' title='bbox 1302 3781 1440 3829; x_wconf 79' lang='lat' dir='ltr'>Harl.</span> <span class='ocrx_word' id='word_1_218' title='bbox 1467 3780 1573 3828; x_wconf 75' lang='lat' dir='ltr'>MS.</span> <span class='ocrx_word' id='word_1_219' title='bbox 1965 3779 1987 3809; x_wconf 82' lang='lat'>²</span> <span class='ocrx_word' id='word_1_220' title='bbox 2021 3794 2074 3829; x_wconf 77' lang='lat' dir='ltr'>x.</span> <span class='ocrx_word' id='word_1_221' title='bbox 2099 3795 2142 3828; x_wconf 68' lang='grc' dir='ltr'>ι’.</span> <span class='ocrx_word' id='word_1_222' title='bbox 2167 3780 2366 3839; x_wconf 87' lang='lat' dir='ltr'>inculte,</span> <span class='ocrx_word' id='word_1_223' title='bbox 2389 3779 2529 3826; x_wconf 84' lang='lat' dir='ltr'>Harl.</span> <span class='ocrx_word' id='word_1_224' title='bbox 2556 3777 2663 3827; x_wconf 81' lang='lat' dir='ltr'>MS.</span> 
     </span>
     <span class='ocr_line' id='line_1_31' title="bbox 651 3858 2990 3925; baseline -0.002 -13"><span class='ocrx_word' id='word_1_225' title='bbox 651 3865 673 3896; x_wconf 83' lang='lat'>⁸</span> <span class='ocrx_word' id='word_1_226' title='bbox 704 3866 801 3924; x_wconf 77' lang='lat' dir='ltr'>Qui</span> <span class='ocrx_word' id='word_1_227' title='bbox 822 3864 1001 3912; x_wconf 80' lang='lat' dir='ltr'>dicitur</span> <span class='ocrx_word' id='word_1_228' title='bbox 1020 3864 1350 3925; x_wconf 82' lang='lat' dir='ltr'>Promptorius</span> <span class='ocrx_word' id='word_1_229' title='bbox 1387 3863 1715 3924; x_wconf 78' lang='lat' dir='ltr'>parvulorum,</span> <span class='ocrx_word' id='word_1_230' title='bbox 1757 3875 1812 3911; x_wconf 77' lang='lat' dir='ltr'>x.</span> <span class='ocrx_word' id='word_1_231' title='bbox 1838 3875 1894 3911; x_wconf 70' lang='grc' dir='ltr'>ιι.</span> <span class='ocrx_word' id='word_1_232' title='bbox 1984 3863 2043 3910; x_wconf 83' lang='grc'>111</span> <span class='ocrx_word' id='word_1_233' title='bbox 2082 3863 2165 3910; x_wconf 87' lang='lat' dir='ltr'>the</span> <span class='ocrx_word' id='word_1_234' title='bbox 2202 3863 2382 3909; x_wconf 84' lang='lat' dir='ltr'>edition</span> <span class='ocrx_word' id='word_1_235' title='bbox 2415 3864 2474 3922; x_wconf 78' lang='lat' dir='ltr'>by</span> <span class='ocrx_word' id='word_1_236' title='bbox 2491 3861 2569 3907; x_wconf 83' lang='lat' dir='ltr'>W.</span> <span class='ocrx_word' id='word_1_237' title='bbox 2590 3861 2651 3907; x_wconf 88' lang='lat' dir='ltr'>de</span> <span class='ocrx_word' id='word_1_238' title='bbox 2686 3858 2867 3906; x_wconf 84' lang='lat' dir='ltr'>Worde</span> <span class='ocrx_word' id='word_1_239' title='bbox 2908 3861 2990 3908; x_wconf 83' lang='lat' dir='ltr'>the</span> 
     </span>
     <span class='ocr_line' id='line_1_32' title="bbox 585 3940 2990 4007; baseline -0.003 -11"><span class='ocrx_word' id='word_1_240' title='bbox 585 3949 722 3997; x_wconf 74' lang='lat' dir='ltr'>work</span> <span class='ocrx_word' id='word_1_241' title='bbox 744 3948 785 3994; x_wconf 79' lang='grc'>18</span> <span class='ocrx_word' id='word_1_242' title='bbox 815 3947 1037 4005; x_wconf 80' lang='lat' dir='ltr'>entitled,</span> <span class='ocrx_word' id='word_1_243' title='bbox 1062 3945 1450 4007; x_wconf 63' lang='lat' dir='ltr'>Promptum-ium</span> <span class='ocrx_word' id='word_1_244' title='bbox 1472 3945 1780 4005; x_wconf 69' lang='lat' dir='ltr'>parvulorum</span> <span class='ocrx_word' id='word_1_245' title='bbox 1801 3944 2102 4004; x_wconf 80' lang='lat' dir='ltr'>clericorum,</span> <span class='ocrx_word' id='word_1_246' title='bbox 2125 3945 2255 4005; x_wconf 86' lang='lat' dir='ltr'>quod</span> <span class='ocrx_word' id='word_1_247' title='bbox 2293 3943 2423 4004; x_wconf 76' lang='lat' dir='ltr'>apud</span> <span class='ocrx_word' id='word_1_248' title='bbox 2463 3956 2548 3988; x_wconf 82' lang='lat' dir='ltr'>nos</span> <span class='ocrx_word' id='word_1_249' title='bbox 2584 3940 2800 3988; x_wconf 75' lang='lat' dir='ltr'>Medulla</span> <span class='ocrx_word' id='word_1_250' title='bbox 2831 3956 2990 4002; x_wconf 75' lang='lat' dir='ltr'>gram-</span> 
     </span>
    </p>
   </div>
   <div class='ocr_carea' id='block_1_7' title="bbox 583 4027 2989 4170">
    <p class='ocr_par' dir='ltr' id='par_1_7' title="bbox 583 4027 2989 4170">
     <span class='ocr_line' id='line_1_33' title="bbox 583 4027 1060 4091; baseline -0.013 -11"><span class='ocrx_word' id='word_1_251' title='bbox 583 4031 761 4080; x_wconf 71' lang='lat' dir='ltr'>matico</span> <span class='ocrx_word' id='word_1_252' title='bbox 780 4027 1060 4091; x_wconf 73' lang='lat' dir='ltr'>appellatur.</span> 
     </span>
     <span class='ocr_line' id='line_1_34' title="bbox 654 4105 2989 4170; baseline -0.001 -14"><span class='ocrx_word' id='word_1_253' title='bbox 654 4110 675 4140; x_wconf 83' lang='lat'><strong>⁴</strong></span> <span class='ocrx_word' id='word_1_254' title='bbox 705 4110 822 4158; x_wconf 79' lang='lat' dir='ltr'>This</span> <span class='ocrx_word' id='word_1_255' title='bbox 842 4110 989 4157; x_wconf 69' lang='lat' dir='ltr'>liutet</span> <span class='ocrx_word' id='word_1_256' title='bbox 1023 4110 1105 4156; x_wconf 80' lang='lat' dir='ltr'>the</span> <span class='ocrx_word' id='word_1_257' title='bbox 1146 4109 1285 4156; x_wconf 61' lang='lat' dir='ltr'>[satin</span> <span class='ocrx_word' id='word_1_258' title='bbox 1326 4108 1607 4157; x_wconf 73' lang='lat' dir='ltr'>authorities</span> <span class='ocrx_word' id='word_1_259' title='bbox 1640 4108 1890 4155; x_wconf 72' lang='lat' dir='ltr'>consultet!</span> <span class='ocrx_word' id='word_1_260' title='bbox 1914 4109 1978 4170; x_wconf 78' lang='lat' dir='ltr'>by</span> <span class='ocrx_word' id='word_1_261' title='bbox 1999 4107 2081 4155; x_wconf 82' lang='lat' dir='ltr'>the</span> <span class='ocrx_word' id='word_1_262' title='bbox 2111 4107 2341 4168; x_wconf 75' lang='lat' dir='ltr'>compilor</span> <span class='ocrx_word' id='word_1_263' title='bbox 2361 4106 2415 4153; x_wconf 78' lang='lat' dir='ltr'>of</span> <span class='ocrx_word' id='word_1_264' title='bbox 2449 4105 2531 4153; x_wconf 76' lang='lat' dir='ltr'>the</span> <span class='ocrx_word' id='word_1_265' title='bbox 2572 4105 2926 4166; x_wconf 84' lang='lat' dir='ltr'>Promptorium</span> <span class='ocrx_word' id='word_1_266' title='bbox 2950 4108 2989 4154; x_wconf 71' lang='lat' dir='ltr'>i·</span> 
     </span>
    </p>
   </div>
   <div class='ocr_carea' id='block_1_8' title="bbox 1328 4346 1385 4383">
    <p class='ocr_par' dir='ltr' id='par_1_8' title="bbox 1328 4346 1385 4383">
     <span class='ocr_line' id='line_1_35' title="bbox 1328 4346 1385 4383; baseline 0 0"><span class='ocrx_word' id='word_1_267' title='bbox 1328 4346 1385 4383; x_wconf 51' lang='lat' dir='ltr'>Q</span> 
     </span>
    </p>
   </div>
  </div>
 </body>
</html>
