3782 5067
846 1195 1791 1291 PROMPTORIUM
1875 1196 2804 1294 PARVULORUM.

700 1633 990 1699 Inoffrr
1034 1636 1588 1700 pannonum)
1681 1634 2096 1703 cernentibus
2144 1637 2408 1702 sollicite
2458 1637 2826 1703 elericorum
2866 1659 3011 1700 eon·

608 1736 908 1818 diciones,
937 1760 1109 1804 nunc
1154 1750 1429 1803 statuum
1460 1750 1524 1803 et
1561 1738 1873 1827 graduum
1925 1739 2311 1804 diversorum
2361 1762 2689 1805 numerose
2716 1738 3014 1804 videntur

598 1840 737 1924 jam
764 1840 926 1904 varii
969 1840 1240 1934 clericali
1267 1864 1332 1906 se
1375 1843 1628 1907 nomine
1666 1841 2026 1931 gloriantes,
2046 1842 2157 1931 qui
2192 1854 2403 1908 tamen
2431 1843 2499 1907 in
2529 1843 2656 1907 suis
2689 1841 3016 1929 colloquiis

607 1943 837 2029 passim
867 1943 1272 2032 quotidieque
1298 1945 1769 2023 barbarizando,
1788 1945 1919 2010 sic²
1948 1968 2130 2010 usum
2161 1957 2226 2010 et
2253 1956 2450 2010 artem
2485 1944 2713 2010 Latine
2741 1944 3011 2033 loquele,

608 2058 722 2111 aut
765 2069 947 2133 pene,
978 2057 1090 2112 aut
1126 2046 1377 2135 penitus
1419 2049 1849 2136 perdiderunt,
1880 2048 2053 2135 quod
2092 2071 2308 2113 eorum
2350 2071 2537 2135 quam
2584 2048 2794 2136 plures
2840 2049 3017 2135 quasi

611 2148 693 2215 de
739 2149 940 2215 doctis
985 2148 1292 2230 indoctos,
1324 2150 1403 2216 de
1455 2152 1660 2217 sciolis
1687 2152 1936 2232 inscios,
1963 2174 2234 2216 noverca
2260 2151 2570 2217 virtutum
2612 2164 2677 2217 et
2704 2150 3015 2218 viciorum

610 2265 811 2317 mater
868 2252 1250 2341 degenerans
1305 2254 1609 2341 produxit
1664 2255 1921 2320 oblivio.
2027 2254 2220 2320 Unde
2290 2278 2432 2344 eg0,
2491 2254 2698 2322 dictus
2752 2255 3017 2345 indigne

608 2356 801 2422 frater
826 2357 1228 2443 predicator‚³
1265 2370 1331 2423 et
1391 2358 1610 2424 Lenne
1659 2359 1778 2424 sub
1839 2359 2059 2447 regula
2114 2359 2495 2447 paupertatis
2566 2358 2873 2439 astrictus,
2924 2370 3017 2423 ta-

607 2459 773 2526 libus
828 2470 904 2524 ut
958 2459 1139 2524 valeo
1196 2483 1570 2550 compassae,
1629 2483 1703 2527 ac
1751 2462 2066 2549 juvenum
2133 2461 2500 2527 clericorum
2574 2461 3019 2551 gramaticam⁴

609 2563 967 2628 volencium
998 2563 1304 2642 misertus,
1335 2577 1685 2652 presentem
1721 2565 2005 2631 libellum
2043 2589 2173 2631 non
2216 2578 2346 2630 tam
2388 2566 2648 2631 rudem⁶
2677 2566 2786 2631 sed
2828 2589 3018 2654 quam

608 2666 835 2731 utilem
882 2666 1117 2732 eisdem
1163 2667 1562 2733 scribendum
1609 2667 1855 2747 curavi;
1918 2667 2237 2755 potissime
2288 2691 2434 2733 cum
2483 2668 2635 2756 ipsis
2684 2669 2795 2757 qui
2844 2692 3017 2733 nunc

613 2769 693 2835 ad
739 2770 963 2835 usum‘
991 2770 1291 2837 clericalis
1335 2771 1581 2860 loquele
1610 2771 1788 2837 velut
1833 2772 2005 2836 cervi
2050 2771 2131 2836 ad
2173 2771 2377 2836 fontes
2425 2793 2727 2857 aquarum
2778 2770 3020 2837 deside-

612 2884 778 2954 rant,
809 2873 917 2939 sed
971 2872 1200 2940 Latina
1245 2874 1551 2941 vocabula
1599 2874 1980 2962 ignorantes,
2027 2885 2092 2939 et
2140 2874 2586 2938 instructorum
2638 2872 2719 2938 ad
2763 2873 3018 2938 libitum

618 2979 865 3067 copiam
908 2990 985 3045 ut
1036 2980 1302 3067 cupiunt
1329 3002 1479 3045 -non
1536 2978 1858 3059 habentes,
1907 2977 2190 3066 singultu
2241 2988 2306 3042 et
2354 2975 2632 3063 suspiriis
2676 2986 2750 3041 ut
2799 2977 3021 3064 onagri

618 3083 688 3146 in
716 3081 820 3147 siti
850 3104 960 3147 sua
990 3080 1315 3161 deficiunt,
1345 3105 1419 3148 ac
1447 3082 1624 3147 velut
1651 3081 1903 3148 interna
1921 3081 2107 3159 fame,
2127 3080 2215 3146 sic
2244 3078 2440 3145 eciam
2469 3078 2818 3157 tabescunt,
2850 3080 3021 3168 quod

618 3208 780 3273 pene
828 3186 907 3251 de
958 3186 1049 3251 eis
1097 3185 1258 3251 fflud
1306 3184 1659 3252 Trenorum
1715 3185 2035 3273 eloquium
2082 3183 2308 3248 merito
2354 3205 2499 3247 cum
2556 3183 2837 3248 mesticia
2884 3183 3018 3269 jam

616 3288 848 3377 poterit
875 3287 1147 3369 recitari,
1181 3287 1440 3353 Parvuli
1466 3288 1785 3376 petierunt
1828 3311 2084 3375 panem,
2117 3299 2182 3353 et
2207 3310 2337 3352 non
2381 3297 2515 3352 erat
2566 3286 2677 3374 qui
2705 3286 3023 3375 fiangeret

615 3392 753 3458 eis.⁷
841 3391 1050 3481 Igitur
1121 3414 1241 3480 ego
1311 3391 1606 3479 prefatus,
1677 3390 1965 3480 quamvis
2035 3390 2209 3456 rudis
2279 3402 2344 3456 et
2413 3389 2664 3471 inscius,
2725 3389 3023 3478 plusque⁸

616 3508 800 3584 aptus
847 3493 1083 3561 discere
1134 3517 1322 3581 quam
1380 3493 1623 3573 dooere,
1653 3504 1864 3561 tamen
1911 3507 1985 3562 ut
2033 3518 2117 3561 ex
2165 3494 2342 3561 libris
2397 3494 2883 3583 gramaticorum
2929 3493 3024 3558 in·

685 3685 699 3714 ¹
735 3685 911 3747 Incipit
926 3685 1152 3747 prologus
1168 3684 1219 3731 in
1242 3684 1462 3732 libellum
1483 3684 1570 3745 qui
1593 3684 1772 3733 dieitur
1964 3684 1986 3714 ⁸
2017 3685 2208 3733 Budem
2223 3700 2388 3746 quam,
2414 3697 2468 3732 ι.
2491 3698 2536 3732 Ρ.

620 3766 953 3828 Promptorius
1006 3765 1296 3825 Puerorum,
1338 3777 1384 3815 Ρ.
1441 3765 1772 3828 Promptum-ius
1964 3761 1987 3794 ⁸
2021 3781 2077 3815 ι.
2101 3779 2149 3815 Ρ.
2170 3767 2255 3815 the
2283 3767 2418 3814 word
2462 3781 2605 3814 usum
2647 3768 2689 3813 in
2730 3766 2930 3814 omitted
2975 3767 3024 3813 in

620 3848 953 3910 parvulorum,
978 3860 1037 3898 x.
1913 3848 2055 3897 Harl.
2074 3848 2181 3897 MS.

687 3928 714 3966 ²
745 3930 828 3979 sie
851 3930 1003 3992 qnod,
1030 3942 1079 3978 Ρ.
1960 3926 1982 3960 ⁷
2014 3929 2393 3989 Lamentations,
2416 3931 2482 3978 iv.
2505 3927 2555 3978 4.

565 4016 575 4023 ‘
685 4013 707 4044 ⁸
738 4013 1123 4069 Prodioetornm,
1146 4023 1200 4060 x.
1216 4024 1260 4060 Ρ.
1966 4010 1988 4040 ⁸
2020 4022 2073 4059 x.
2097 4024 2145 4060 Ρ.
2170 4012 2281 4073 plus
2301 4012 2342 4058 is
2361 4008 2564 4057 omitted
2588 4008 2637 4055 in
2663 4007 2802 4057 Harl.
2831 4009 2941 4061 MS.

685 4094 706 4124 ⁴
737 4094 1137 4151 Gnmmtinre,
1160 4105 1214 4142 x.
1237 4106 1282 4141 Ρ.

708 4192 935 4242 calu).
967 4190 1117 4239 800.
1813 4190 1857 4235 B
